@misc{GITHUB,
howpublished = {Disponível em: \url{https://github.com/}},
note = {Acessado em 29/04/2012},
title = {GitHub - Social Coding},
author = {GitHub}
}

@misc{SCRUMEPF,
howpublished = {Disponível em: \url{http://epf.eclipse.org/wikis/scrumpt/index.htm}},
note = {Acessado em 15/04/2012},
title = {Visão Geral do Scrum},
author = {EPF}
}

@misc{PYWIKI,
howpublished = {Disponível em: \url{http://en.wikipedia.org/wiki/Python_(programming_language)}},
note = {Acessado em 05/05/2012},
title = {Python},
author = {Wikipedia Foundation}
}

@misc{PYTHON,
howpublished = {Disponível em: \url{http://www.python.org/}},
note = {Acessado em 05/05/2012},
title = {Python Programming Language – Official Website},
author = {Python Software Foundation}
}

@misc{MAWIKI,
howpublished = {Disponível em: \url{http://pt.wikipedia.org/wiki/Desenvolvimento_%C3%A1gil_de_software}},
note = {Acessado em 08/05/2012},
title = {Desenvolvimento ágil de software},
author = {Wikipedia Foundation}
}

@misc{CMAT,
howpublished = {Disponível em: \url{http://www.dcc.ufla.br/infocomp/artigos/v3.2/art02.pdf}},
note = {Acessado em 08/05/2012},
title = {Comparação entre Metodologias Ágeis e Tradicionais},
author = {MICHEL DOS SANTOS SOARES}
}

@misc{MAVENBUILDTOOL,
howpublished = {Disponível em: \url{http://maven.apache.org/}},
note = {Acessado em 11/04/2012},
title = {Apache Maven},
author = {Apache Software Foundation}
}

@misc{JENKINS,
howpublished = {Disponível em: \url{http://jenkins-ci.org/}},
note = {Acessado em 11/04/2012},
title = {Jenkins},
author = {Jenkins Community}
}
@misc{CIWIKIPEDIA,
howpublished = {Disponível em: \url{http://en.wikipedia.org/wiki/Continuous_integration}},
note = {Acessado em 20/04/2012},
title = {Continuous Integration},
author = {Wikipedia}
}

@misc{JENKINS-BUILD,
howpublished = {Disponível em: \url{https://wiki.jenkins-ci.org/display/JENKINS/Building+a+software+project}},
note = {Acessado em 20/04/2012},
title = {Building a Software},
author = {Jenkins Community}
}

@misc{INSPECAO-CONTINUA,
howpublished = {Disponível em: \url{http://my.safaribooksonline.com/book/-/9781449311261/continuous-inspection/continuous-inspection}},
note = {Acessado em 20/04/2012},
title = {Continuous Inspection},
author = {Sebastian Bergmann}
}

@misc{KLAROS,
howpublished = {Disponível em: \url{http://www.klaros-testmanagement.com/}},
note = {Acessado em 11/04/2012},
title = {Klaros Testmanagement},
author = {Verit}
}

@misc{ANTBUILDTOOL,
howpublished = {Disponível em: \url{http://ant.apache.org/}},
note = {Acessado em 11/04/2012},
title = {Apache Ant},
author = {Apache Software Foundation}
}

@misc{PIPSITE,
howpublished = {Disponível em: \url{http://www.pip-installer.org/en/latest/index.html}},
note = {Acessado em 12/05/2012},
title = {pip},
author = {pip Community}
}

@misc{DJANGOSITE,
howpublished = {Disponível em: \url{https://www.djangoproject.com/}},
note = {Acessado em 09/05/2012},
title = {django},
author = {django community}
}

@misc{DJANGOWIKIPEDIA,
howpublished = {Disponível em: \url{http://en.wikipedia.org/wiki/Django_(web_framework)}},
note = {Acessado em 11/05/2012},
title = {django - Web Framework},
author = {Wikipedia Foundation}
}

@misc{MYSQLWIKI,
howpublished = {Disponível em: \url{http://en.wikipedia.org/wiki/Mysql}},
note = {Acessado em 25/04/2012},
title = {MySQL},
author = {Wikipedia Foundation}
}

@misc{SOUTH,
howpublished = {Disponível em: \url{http://south.aeracode.org/}},
note = {Acessado em 10/05/2012},
title = {South, intelligent schema and data migrations},
author = {Aeracode}
}

@misc{SCRUMPAPEIS,
howpublished = {Disponível em: \url{http://www.acarlos.com.br/blog/2008/02/papel-do-product-owner-e-priorizacao-do-product-backlog/}},
note = {Acessado em 10/09/2012},
title = {O papel do Product Owner e priorização do Product Backlog},
author = {Antonio C. Silveira}
}