@misc{GITHUB,
howpublished = {Disponível em: \url{https://github.com/}},
note = {Acessado em 29/04/2012},
title = {GitHub - Social Coding},
author = {GitHub}
}

@misc{SCRUMEPF,
howpublished = {Disponível em: \url{http://epf.eclipse.org/wikis/scrumpt/index.htm}},
note = {Acessado em 15/04/2012},
title = {Visão Geral do Scrum},
author = {EPF}
}


@misc{MAWIKI,
howpublished = {Disponível em: \url{http://pt.wikipedia.org/wiki/Desenvolvimento_%C3%A1gil_de_software}},
note = {Acessado em 08/05/2012},
title = {Desenvolvimento ágil de software},
author = {Wikipedia Foundation}
}

@misc{CMAT,
howpublished = {Disponível em: \url{http://www.dcc.ufla.br/infocomp/artigos/v3.2/art02.pdf}},
note = {Acessado em 08/05/2012},
title = {Comparação entre Metodologias Ágeis e Tradicionais},
author = {MICHEL DOS SANTOS SOARES}
}

@misc{KLAROS,
howpublished = {Disponível em: \url{http://www.klaros-testmanagement.com/}},
note = {Acessado em 11/04/2012},
title = {Klaros Testmanagement},
author = {Verit}
}

@misc{SCRUMPAPEIS,
howpublished = {Disponível em: \url{http://www.acarlos.com.br/blog/2008/02/papel-do-product-owner-e-priorizacao-do-product-backlog/}},
note = {Acessado em 10/09/2012},
title = {O papel do Product Owner e priorização do Product Backlog},
author = {Antonio C. Silveira}
}