@misc{IDEWIKI,
howpublished = {Disponível em: \url{http://en.wikipedia.org/wiki/Integrated_development_environment}},
note = {Acessado em 11/04/2012},
title = {Integrated development environment},
author = {Wikipedia}
}

@misc{PDESIGNER,
howpublished = {Disponível em: \url{http://www.sybase.com.br/products/modelingdevelopment/powerdesigner}},
note = {Acessado em 11/04/2012},
title = {PowerDesigner},
author = {Sybase}
}
