@Book{Test,
author = {Joo},
editor = {LOL},
title = {Lol},
publisher = {PacktPub},
year = {2009},
}
@Book{michael,
    author = "Michael Jackson",
    title = "My Kingdom For A Lollypop",
    publisher = "Neverland \& Everland Publishing",
    year = 2004
}
 
@Book{elvis,
    author = "Elvis Presley",
    title = "Turn Me One More Time",
    publisher = "Jail House Books",
    year = 1963
}
 
@Book{britney,
    author = "Britney Spears",
    title = "Let's Go Oversea To Canada",
    publisher = "Blonde, Blondt \& Blondey",
    year = 2007
}
 
@Book{marilyn,
    author = "Marilyn Manson",
    title = "I Love My Little Pony",
    publisher = "Pinc \& Cuddley Press",
    year = 2005
}
@misc{website:fermentas-lambda,
      author = "Fermentas Inc.",
      title = "Phage Lambda: description \& restriction map",
      month = "November",
      year = 2008,
      url = "http://www.fermentas.com/techinfo/nucleicacids/maplambda.htm"
}
@misc{bworld,
  author = {Ingo LÃ¼tkebohle},
  title = {{BWorld Robot Control Software}},
  howpublished = "\url{http://aiweb.techfak.uni-bielefeld.de/content/bworld-robot-control-software/}",
  year = {2008}, 
  note = "[Online; accessed 19-July-2008]"
}
@MISC{alexa:website,
      AUTHOR = "Jeff Bigham",
      TITLE = "A super-sweet article",
      MONTH = "May",
      YEAR = {2006},
      NOTE = "\texttt{http://www.manticmoo.com/articles/jeff/programming/latex/bibtex-types.php}"
}

@ONLINE{Doe:2009:Online,
author = {Doe, Ringo},
title = {This is a test entry of type {@ONLINE}},
month = jun,
year = {2009},
url = {http://www.test.org/doe/}
}

@BOOKLET{Doe:2009:Booklet,
title = {This is a test entry of type {@BOOKLET}},
author = {Doe, John},
month = jun,
year = {2009},
url = {http://www.test.org/doe/}
}

@MISC{Doe:2009:Misc,
author = {Doe, Paul},
title = {This is a test test entry of type {@MISC}},
month = jun,
year = {2009},
url = {http://www.test.org/doe/}
}

@OTHER{Doe:2009:Other,
author = {Doe, Brian},
title = {This is a test entry of type {@OTHER}},
month = jun,
year = {2009},
url = {http://www.test.org/doe/}
}
@Misc{timmurphy.org,
howpublished = {\url{http://timmurphy.org/2009/07/22/line-spacing-in-latex-documents/}},
note = {Accessed April 4, 2010},
title = {Line Spacing in LaTeX documents},
author = {Murphy, Timothy I}
}